<?xml version="1.0" encoding="UTF-8"?><record xmlns="http://www.loc.gov/MARC21/slim" xmlns:cinclude="http://apache.org/cocoon/include/1.0" xmlns:zs="http://www.loc.gov/zing/srw/">
  <leader>00558cz  a2200145n  4500</leader>
  <controlfield tag="001">n  95923174 </controlfield>
  <controlfield tag="003">DLC</controlfield>
  <controlfield tag="005">20000729064706.0</controlfield>
  <controlfield tag="008">960429n| acannaabn          |a aaa      </controlfield>
  <datafield tag="010" ind1=" " ind2=" ">
    <subfield code="a">n  95923174 </subfield>
  </datafield>
  <datafield tag="035" ind1=" " ind2=" ">
    <subfield code="a">(OCoLC)oca04070057</subfield>
  </datafield>
  <datafield tag="040" ind1=" " ind2=" ">
    <subfield code="a">DLC</subfield>
    <subfield code="b">eng</subfield>
    <subfield code="c">DLC</subfield>
    <subfield code="d">OCoLC</subfield>
  </datafield>
  <datafield tag="100" ind1="1" ind2=" ">
    <subfield code="a">Nawawi, Darnis,</subfield>
    <subfield code="d">1945-</subfield>
  </datafield>
  <datafield tag="400" ind1="0" ind2=" ">
    <subfield code="a">Darnis Nawawi,</subfield>
    <subfield code="d">1945-</subfield>
  </datafield>
  <datafield tag="670" ind1=" " ind2=" ">
    <subfield code="a">Kosa kata Inggeris-Indonesia untuk memahami buku-buku ... c1994:</subfield>
    <subfield code="b">t.p. (Darnis Nawawi) cover, p. 4 (b. 7/10/45 in Manindjau, Agam, Sumatera Barat; Master's from Univ. of Oregon, Eugene, Oregon, United States, 1991)</subfield>
  </datafield>
</record>